


@misc{etc,
  author = {Test1},
  title = {Ericsson - The Company},
  howpublished = {\url{http://www.ericsson.com/thecompany}},
  month = {nov},
  year = {2014},
  note = {Accessed: 2014-11-23}
}

@misc{ecf,
  author = {Test2},
  title = {Ericsson - Company Facts},
  howpublished = {\url{http://www.ericsson.com/thecompany/company_facts}},
  month = {nov},
  year = {2014},
  note = {Accessed: 2014-11-23}
}


@misc{eepg,
  author = {Test3},
  title = {Ericsson - Evolved Packet Gateway},
  howpublished = {\url{http://www.ericsson.com/ourportfolio/products/evolved-packet-gateway}},
  month = {nov},
  year = {2014},
  note = {Accessed: 2014-11-23}
}

@misc{rrf,
  author = {Test4},
  title = {Rational Rhapsody family},
  howpublished = {\url{http://www-03.ibm.com/software/products/en/ratirhapfami }},
  month = {nov},
  year = {2014},
  note = {Accessed: 2014-11-23}
}


@article{burnes2004kurt,
  title={Kurt Lewin and the Planned Approach to Change: A Re-appraisal},
  author={Burnes, Bernard},
  journal={Journal of Management studies},
  volume={41},
  number={6},
  pages={977--1002},
  year={2004},
  publisher={Wiley Online Library}
}


@article{weick1999organizational,
  title={Organizational change and development},
  author={Weick, Karl E and Quinn, Robert E},
  journal={Annual review of psychology},
  volume={50},
  number={1},
  pages={361--386},
  year={1999},
  publisher={Annual Reviews 4139 El Camino Way, PO Box 10139, Palo Alto, CA 94303-0139, USA}
}


@article{van1995explaining,
  title={Explaining development and change in organizations},
  author={Van de Ven, Andrew H and Poole, Marshall Scott and others},
  journal={Academy of management review},
  volume={20},
  number={3},
  pages={510--540},
  year={1995},
  publisher={Academy of Management}
}


@article{karlstrom2005combining,
  title={Combining agile methods with stage-gate project management},
  author={Karlstrom, Daniel and Runeson, Per},
  journal={IEEE software},
  volume={22},
  number={3},
  pages={43--49},
  year={2005},
  publisher={IEEE Computer Society Press}
}


@article{kotter1995leading,
  title={Leading change: Why transformation efforts fail},
  author={Kotter, John P},
  journal={Harvard business review},
  volume={73},
  number={2},
  pages={59--67},
  year={1995},
  publisher={SUBSCRIBER SERVICE, PO BOX 52623, BOULDER, CO 80322-2623}
}


@article{mintzberg1985strategies,
  title={Of strategies, deliberate and emergent},
  author={Mintzberg, Henry and Waters, James A},
  journal={Strategic management journal},
  volume={6},
  number={3},
  pages={257--272},
  year={1985},
  publisher={Wiley Online Library}
}

@incollection{eldh2007component,
  title={Component testing is not enough-a study of software faults in telecom middleware},
  author={Eldh, Sigrid and Punnekkat, Sasikumar and Hansson, Hans and J{\"o}nsson, Peter},
  booktitle={Testing of Software and Communicating Systems},
  pages={74--89},
  year={2007},
  publisher={Springer}
}

@inproceedings{zheng2007model,
  title={Model-based software component testing: A uml-based approach},
  author={Zheng, Weiqun and Bundell, Gary},
  booktitle={Computer and Information Science, 2007. ICIS 2007. 6th IEEE/ACIS International Conference on},
  pages={891--899},
  year={2007},
  organization={IEEE}
}

@inproceedings{mussa2009survey,
  title={A survey of model-driven testing techniques},
  author={Mussa, Mohamed and Ouchani, Samir and Al Sammane, Waseem and Hamou-Lhadj, Abdelwahab},
  booktitle={Quality Software, 2009. QSIC'09. 9th International Conference on},
  pages={167--172},
  year={2009},
  organization={IEEE}
}


@article{kitchenham2003principles,
  title={Principles of survey research part 6: data analysis},
  author={Kitchenham, Barbara and Pfleeger, Shari Lawrence},
  journal={ACM SIGSOFT Software Engineering Notes},
  volume={28},
  number={2},
  pages={24--27},
  year={2003},
  publisher={ACM}
}

@incollection{stojanovic2003component,
  title={Component-oriented agile software development},
  author={Stojanovic, Zoran and Dahanayake, Ajantha and Sol, Henk},
  booktitle={Extreme Programming and Agile Processes in Software Engineering},
  pages={315--318},
  year={2003},
  publisher={Springer}
}

@book{selic2010modelling,
  title={Modelling Foundations and Applications},
  author={Selic, Bran V and Gervais, Marie-Pierre and Terrier, Francois},
  year={2010},
  publisher={Springer}
}

@article{stahl2006model,
  title={Model-Driven Software Development: Technology, Engineering, Management},
  author={Stahl, Thomas and Voelter, Markus and Czarnecki, Krzysztof},
  year={2006},
  publisher={John Wiley \& Sons}
}



@article{zhang2011agile,
  title={Agile model-driven development in practice},
  author={Zhang, Yuefeng and Patel, Shailesh},
  journal={IEEE software},
  volume={28},
  number={2},
  pages={84--91},
  year={2011}
}

@article{fowler2006continuous,
  title={Continuous integration},
  author={Fowler, Martin and Foemmel, Matthew},
  journal={Thought-Works) http://www. thoughtworks. com/Continuous Integration. pdf},
  year={2006}
}

@inproceedings{stolberg2009enabling,
  title={Enabling agile testing through continuous integration},
  author={Stolberg, Sean},
  booktitle={Agile Conference, 2009. AGILE'09.},
  pages={369--374},
  year={2009},
  organization={IEEE}
}

@inproceedings{yuan2008model,
  title={A model driven approach toward business process test case generation},
  author={Yuan, Qiulu and Wu, Ji and Liu, Chao and Zhang, Li},
  booktitle={Web Site Evolution, 2008. WSE 2008. 10th International Symposium on},
  pages={41--44},
  year={2008},
  organization={IEEE}
}

@book{mellor2004mda,
  title={MDA distilled: principles of model-driven architecture},
  author={Mellor, Stephen J},
  year={2004},
  publisher={Addison-Wesley Professional}
}

@article{hartmann2004uml,
  title={UML-based test generation and execution},
  author={Hartmann, Jean and Vieira, Marlon and Foster, Herb and Ruder, Axel},
  journal={Pr{\"a}sentation auf der TAV21 in Berlin},
  year={2004}
}

@book{booch2006object,
  title={Object Oriented Analysis \& Design with Application},
  author={Booch, Grady},
  year={2006},
  publisher={Pearson Education India}
}


@inproceedings{javed2007automated,
  title={Automated generation of test cases using model-driven architecture},
  author={Javed, Abu Zafer and Strooper, Paul A and Watson, GN},
  booktitle={Automation of Software Test, 2007. AST'07. Second International Workshop on},
  pages={3--3},
  year={2007},
  organization={IEEE}
}

@incollection{cheon2002simple,
  title={A simple and practical approach to unit testing: The JML and JUnit way},
  author={Cheon, Yoonsik and Leavens, Gary T},
  booktitle={ECOOP 2002—Object-Oriented Programming},
  pages={231--255},
  year={2002},
  publisher={Springer}
}

@article{ghobadi2011challenges,
  title={CHALLENGES OF CROSS-FUNCTIONAL SOFTWARE DEVELOPMENT TEAMS: A CONCEPTUAL STUDY},
  author={GHOBADI, SHAHLA},
  journal={Journal of Information Technology Management},
  volume={22},
  number={3},
  pages={26},
  year={2011}
}
@article{marchwinski2000technical,
  title={The technical communicator’s role in initiating cross-functional teams},
  author={Marchwinski, Theresa and Mandziuk, Karen},
  journal={Technical Communication},
  volume={47},
  number={1},
  pages={67--76},
  year={2000},
  publisher={Society for Technical Communication}
}

@inproceedings{hribar2008first,
  title={First Time Right in AXE using One track and Stream Line Development},
  author={Hribar, Lovre and Sapunar, Stanko and Burilovi{\'c}, Ante},
  booktitle={Proceedings MIPRO},
  year={2008}
}

@inproceedings{ge2006agile,
  title={Agile development of secure web applications},
  author={Ge, Xiaocheng and Paige, Richard F and Polack, Fiona AC and Chivers, Howard and Brooke, Phillip J},
  booktitle={Proceedings of the 6th international conference on Web engineering},
  pages={305--312},
  year={2006},
  organization={ACM}
}

@article{henke1993perspective,
  title={Perspective: Cross-functional teams: Good concept, poor implementation!},
  author={Henke, John W and Krachenberg, A Richard and Lyons, Thomas F},
  journal={Journal of Product Innovation Management},
  volume={10},
  number={3},
  pages={216--229},
  year={1993},
  publisher={Elsevier}
}

@inproceedings{mussa2009survey,
  title={A survey of model-driven testing techniques},
  author={Mussa, Mohamed and Ouchani, Samir and Al Sammane, Waseem and Hamou-Lhadj, Abdelwahab},
  booktitle={Quality Software, 2009. QSIC'09. 9th International Conference on},
  pages={167--172},
  year={2009},
  organization={IEEE}
}

@book{sommerville10software,
  address = {Harlow, England},
  author = {Sommerville, Ian},
  edition ={9},
  publisher = {Addison-Wesley},
  title = {Software Engineering},
  year = {2010}
}
